@article{huffman,
  author={Huffman, D.A.},
  journal={Proceedings of the IRE},
  title={A Method for the Construction of Minimum-Redundancy Codes},
  year={1952},
  month={Sept},
  volume={40},
  number={9},
  pages={1098--1101},
  keywords={Transmitters},
%  doi={10.1109/JRPROC.1952.273898},
%  ISSN={0096-8390}
}


  	
@article{evla-perley-2011,
  author={R. A. Perley and C. J. Chandler and B. J. Butler and J. M. Wrobel},
  title={The Expanded Very Large Array: A New Telescope for New Science},
  journal={ApJ Letters},
  volume={739},
  number={1},
  pages={L1},
  year={2011},
  abstract={Since its commissioning in 1980, the Very Large Array (VLA) has consistently demonstrated its scientific productivity. However, its fundamental capabilities have changed little since 1980, particularly in the key areas of sensitivity, frequency coverage, and velocity resolution. These limitations have been addressed by a major upgrade of the array, which began in 2001 and will be completed at the end of 2012. When completed, the Expanded VLA—the EVLA—will provide complete frequency coverage from 1 to 50 GHz, a continuum sensitivity of typically 1 μJy beam –1 (in 9 hr with full bandwidth), and a modern correlator with vastly greater capabilities and flexibility than the VLA's. In this Letter, we describe the goals of the EVLA project, its current status, and the anticipated expansion of capabilities over the next few years. User access to the array through the Open Shared Risk Observing and Resident Shared Risk Observing programs is described. The following papers in this special issue, derived from observations in its early science period, demonstrate the astonishing breadth of this most flexible and powerful general-purpose telescope.}
}
	
@article{mwa-2013-tingay,
  author = {Tingay,S. J. and Goeke,R. and Bowman,J. D. and Emrich,D. and Ord,S. M. and Mitchell,D. A. and Morales,M. F. and Booler,T. and Crosse,B. and Wayth,R. B. and Lonsdale,C. J. and Tremblay,S. and Pallot,D. and Colegate,T. and Wicenec,A. and Kudryavtseva,N. and Arcus,W. and Barnes,D. and Bernardi,G. and Briggs,F. and Burns,S. and Bunton,J. D. and Cappallo,R. J. and Corey,B. E. and Deshpande,A. and Desouza,L. and Gaensler,B. M. and Greenhill,L. J. and Hall,P. J. and Hazelton,B. J. and Herne,D. and Hewitt,J. N. and Johnston-Hollitt,M. and Kaplan,D. L. and Kasper,J. C. and Kincaid,B. B. and Koenig,R. and Kratzenberg,E. and Lynch,M. J. and Mckinley,B. and Mcwhirter,S. R. and Morgan,E. and Oberoi,D. and Pathikulangara,J. and Prabu,T. and Remillard,R. A. and Rogers,A. E. E. and Roshi,A. and Salah,J. E. and Sault,R. J. and Udaya-Shankar,N. and Schlagenhaufer,F. and Srivani,K. S. and Stevens,J. and Subrahmanyan,R. and Waterson,M. and Webster,R. L. and Whitney,A. R. and Williams,A. and Williams,C. L. and Wyithe,J. S. B.},
  title = {The Murchison Widefield Array: The Square Kilometre Array Precursor at Low Radio Frequencies},
  journal = {PASA},
  volume = {30},
  month = {0},
  year = {2013},
%  issn = {1448-6083},
%  doi = {10.1017/pasa.2012.007},
}

@article {atca-broadband-backend-2011,
  author = {Wilson, Warwick E. and Ferris, R. H. and Axtens, P. and Brown, A. and Davis, E. and Hampson, G. and Leach, M. and Roberts, P. and Saunders, S. and Koribalski, B. S. and Caswell, J. L. and Lenc, E. and Stevens, J. and Voronkov, M. A. and Wieringa, M. H. and Brooks, K. and Edwards, P. G. and Ekers, R. D. and Emonts, B. and Hindson, L. and Johnston, S. and Maddison, S. T. and Mahony, E. K. and Malu, S. S. and Massardi, M. and Mao, M. Y. and McConnell, D. and Norris, R. P. and Schnitzeler, D. and Subrahmanyan, R. and Urquhart, J. S. and Thompson, M. A. and Wark, R. M.},
  title = {The Australia Telescope Compact Array Broad-band Backend: description and first results},
  journal = {MNRAS},
  volume = {416},
  number = {2},
  publisher = {Blackwell Publishing Ltd},
%  issn = {1365-2966},
%  url = {http://dx.doi.org/10.1111/j.1365-2966.2011.19054.x},
%  doi = {10.1111/j.1365-2966.2011.19054.x},
  pages = {832--856},
  keywords = {instrumentation: interferometers, methods: observational, ISM: general, galaxies: general, radio continuum: general, radio lines: general},
  year = {2011}
}

@article{kazemi-clustered-cal-2013,
  title={Clustered calibration: an improvement to radio interferometric direction-dependent self-calibration},
  author={Kazemi, Sanaz and Yatawatta, Sarod and Zaroubi, Saleem},
  journal={Monthly Notices of the Royal Astronomical Society},
  volume={430},
  number={2},
  pages={1457--1472},
  year={2013},
  publisher={Oxford University Press}
}

@article{ska-pulsars-2004,
  title = "Strong-field tests of gravity using pulsars and black holes",
  journal = "New Astronomy Reviews",
  volume = "48",
  number = "11–12",
  pages = "993 - 1002",
  year = "2004",
%  note = "<ce:title>Science with the Square Kilometre Array</ce:title> <xocs:full-name>Science with the Square Kilometre Array</xocs:full-name>",
%  issn = "1387-6473",
%  doi = "10.1016/j.newar.2004.09.020",
%  url = "http://www.sciencedirect.com/science/article/pii/S1387647304000909",
  author = "M. Kramer and D.C. Backer and J.M. Cordes and T.J.W. Lazio and B.W. Stappers and S. Johnston"
}

@article{ska-pulsars-2009,
  author = {{Smits, R.} and {Kramer, M.} and {Stappers, B.} and {Lorimer, D. R.} and {Cordes, J.} and {Faulkner, A.}},
  title = {Pulsar searches and timing with the square kilometre array},
%  DOI= "10.1051/0004-6361:200810383",
%  url= "http://dx.doi.org/10.1051/0004-6361:200810383",
  journal = {A\&A},
  year = 2009,
  volume = 493,
  number = 3,
  pages = "1161-1170",
  month = "",
}


@article{lofar-pulsars-and-transients-2011,
  author = {{Stappers, B. W.} and {Hessels, J. W. T.} and {Alexov, A.} and {Anderson, K.} and {Coenen, T.} and {Hassall, T.} and {Karastergiou, A.} and {Kondratiev, V. I.} and {Kramer, M.} and {van Leeuwen, J.} and {Mol, J. D.} and {Noutsos, A.} and {Romein, J. W.} and {Weltevrede, P.} and {Fender, R.} and {Wijers, R. A. M. J.} and {B\"ahren, L.} and {Bell, M. E.} and {Broderick, J.} and {Daw, E. J.} and {Dhillon, V. S.} and {Eisl\"offel, J.} and {Falcke, H.} and {Griessmeier, J.} and {Law, C.} and {Markoff, S.} and {Miller-Jones, J. C. A.} and {Scheers, B.} and {Spreeuw, H.} and {Swinbank, J.} and {ter Veen, S.} and {Wise, M. W.} and {Wucknitz, O.} and {Zarka, P.} and {Anderson, J.} and {Asgekar, A.} and {Avruch, I. M.} and {Beck, R.} and {Bennema, P.} and {Bentum, M. J.} and {Best, P.} and {Bregman, J.} and {Brentjens, M.} and {van de Brink, R. H.} and {Broekema, P. C.} and {Brouw, W. N.} and {Br\"uggen, M.} and {de Bruyn, A. G.} and {Butcher, H. R.} and {Ciardi, B.} and {Conway, J.} and {Dettmar, R.-J.} and {van Duin, A.} and {van Enst, J.} and {Garrett, M.} and {Gerbers, M.} and {Grit, T.} and {Gunst, A.} and {van Haarlem, M. P.} and {Hamaker, J. P.} and {Heald, G.} and {Hoeft, M.} and {Holties, H.} and {Horneffer, A.} and {Koopmans, L. V. E.} and {Kuper, G.} and {Loose, M.} and {Maat, P.} and {McKay-Bukowski, D.} and {McKean, J. P.} and {Miley, G.} and {Morganti, R.} and {Nijboer, R.} and {Noordam, J. E.} and {Norden, M.} and {Olofsson, H.} and {Pandey-Pommier, M.} and {Polatidis, A.} and {Reich, W.} and {R\"ottgering, H.} and {Schoenmakers, A.} and {Sluman, J.} and {Smirnov, O.} and {Steinmetz, M.} and {Sterks, C. G. M.} and {Tagger, M.} and {Tang, Y.} and {Vermeulen, R.} and {Vermaas, N.} and {Vogt, C.} and {de Vos, M.} and {Wijnholds, S. J.} and {Yatawatta, S.} and {Zensus, A.}},
  title = {Observing pulsars and fast transients with LOFAR},
%  DOI= "10.1051/0004-6361/201116681",
%  url= "http://dx.doi.org/10.1051/0004-6361/201116681",
  journal = {A\&A},
  year = 2011,
  volume = 530,
  pages = "A80"
}


  	
@article{evla-high-resolution-lines,
  author={C. Favre and H. A. Wootten and A. J. Remijan and N. Brouillet and T. L. Wilson and D. Despois and A. Baudry},
  title={High-resolution Expanded Very Large Array Image of Dimethyl Ether (CH3)2O in Orion-KL},
  journal={The Astrophysical Journal Letters},
  volume={739},
  number={1},
  pages={L12},
%  url={http://stacks.iop.org/2041-8205/739/i=1/a=L12},
  year={2011}
}

@incollection{lofar-processing-arch-2005,
  year={2005},
%  isbn={978-1-4020-3797-9},
  booktitle={The Square Kilometre Array: An Engineering Perspective},
  editor={Hall, PeterJ.},
%  doi={10.1007/1-4020-3798-8_5},
  title={The LOFAR Central Processing Facility Architecture},
%  url={http://dx.doi.org/10.1007/1-4020-3798-8_5},
  publisher={Springer Netherlands},
  keywords={cluster; correlator; high performance computing; HPC; parallel processing; pipeline; streaming data; supercomputer},
  author={Schaaf, Kjeld and Broekema, Chris and Diepen, Ger and Meijeren, Ellen},
  pages={43-58}
}

@INPROCEEDINGS{apertif-2010,
  author={Van Cappellen, W.A. and Bakker, L.},
  booktitle={Phased Array Systems and Technology (ARRAY), 2010 IEEE International Symposium on}, title={APERTIF: Phased array feeds for the westerbork synthesis radio telescope},
  year={2010},
  month={Oct},
  pages={640-647},
  keywords={antenna feeds;astronomical surveys;radioastronomy;radiotelescopes;APERTIF;APERture Tile In Focus;WSRT;Westerbork Synthesis Radio Telescope;Westerbork synthesis radio telescope;illumination efficiency;low system temperature;phased array feeds;polarization characteristics;reflector-feed interaction;secondary beam;sensitivity;sidelobes;survey speed;synthesis imaging;telescope feed;Antenna measurements;Arrays;Feeds;Lighting;Prototypes;Sensitivity;Telescopes},
 % doi={10.1109/ARRAY.2010.5613297}
}

@article{ska-station-config-2013,
  title={{Square Kilometre Array} station configuration using two-stage beamforming},
  author={Aziz Jiwani and Tim Colegate and Nima Razavi-Ghods and Peter J Hall and Shantanu Padhi and Jan Geralt bij de Vaate},
  year=2013,
  note="In press"
}

@book{shannon-entropy-definition-1949,
  author={Claude E. Shannon and Warren Weaver},
  title={The Mathematical Theory of Communication},
  publisher={{Univ of Illinois Press}},
  year={1949},
  isbn="0-252-72548-4"
}

@ARTICLE{wavelet-audio-compression-1993,
  author={Sinha, D. and Tewfik, A.H.},
  journal={Signal Processing, IEEE Transactions on},
  title={Low bit rate transparent audio compression using adapted wavelets},
  year={1993},
  volume={41},
  number={12},
  pages={3463--3479},
%  doi={10.1109/78.258086},
%  ISSN={1053-587X}
}

@article{least-squares-quantization-2006,
 author = {Lloyd, S.},
 title = {Least squares quantization in PCM},
 journal = {IEEE Trans. Inf. Theor.},
 volume = {28},
 number = {2},
 month = Mar,
 year = {1982},
% issn = {0018-9448},
 pages = {129--137},
 numpages = {9},
% url = {http://dx.doi.org/10.1109/TIT.1982.1056489},
% doi = {10.1109/TIT.1982.1056489},
 publisher = {IEEE Press},
} 

@article{astro-image-compression-2010,
  title = {Optimal Compression of Floating-Point Astronomical Images Without Significant Loss of Information},
  author = {Pence, W. D. and White, R. L. and Seaman, R.},
  journal = {Publications of the Astronomical Society of the Pacific},
  volume = {122},
  number = {895},
  pages = {pp. 1065-1076},
%  url = {http://www.jstor.org/stable/10.1086/656249},
%  ISSN = {00046280},
  language = {English},
  year = {2010}
}

@article{quantization-efficiency-2007,
  title = {Convenient formulas for quantization efficiency},
  author = {A. R. Thompson and D. T. Emerson and F. R. Schwab},
  journal = {Radio Science},
  volume = 42,
  issue = 3,
  month = jun,
  year = 2007
}
