
@article{offringa-wsclean-2014,
  author = {Offringa, A. R. and McKinley, B. and Hurley-Walker and others}, 
  title = {{WSClean: an implementation of a fast, generic wide-field imager for radio astronomy}},
  volume = {444},
  number = {1},
  pages = {606-619},
  year = {2014},
  doi = {10.1093/mnras/stu1368},
  journal = {MNRAS}
}

@article{awimager-2013,
  author = {Tasse, C. and \TUSSEN{Tol}{Van der}{van der} Tol, S. and van Zwieten, J. and van Diepen, G. and Bhatnagar, S.},
  title = {Applying full polarization {A-Projection} to very wide field of view instruments: An imager for {LOFAR}},
  DOI= "10.1051/0004-6361/201220882",
  journal = "A\&A",
  year = 2013,
  volume = 553,
  pages = "A105"
}

@article{ska-phase1-2013,
  title="{SKA1} System Baseline Design",
  author="P. Dewdney and W. Turner and R. Millenaar and R. McCool and J. Lazio and T. J. Cornwell",
  journal="SKA office",
  comment="Tech. rep.",
  month=mar,
  year=2013
}

@article{wprojection-cornwell,
  title = "The non-coplanar baselines effect in radio interferometry: The W-Projection algorithm",
  author = "T. J. Cornwell and K. Golap and S. Bhatnagar",
  journal = "IEEE Journal of Selected Topics in Signal Processing",
  year = 2008,
  volume = 2,
  pages = {647--657}
}

@article{ska-memo-regridding-2011,
  title = "Analysis of Convolutional Resampling Algorithm Performance",
  author = "B. Humphreys and T. J. Cornwell",
  year = 2011,
  mon = jan,
  journal = "SKA MEMO 132, tech. rep."
}

@inproceedings{widefield-imaging-ska-cornwell,
  title = "{Wide field imaging for the Square Kilometre Array}",
  author = "T. J. Cornwell and M. A. Voronkov and B. Humphreys",
  booktitle={Proc. SPIE 8500, Image Reconstruction from Incomplete Data VII},
  month=Oct,
  year={2012}
}

@article{aprojection-2008,
  author = {Bhatnagar, S. and Cornwell, T. J. and Golap, K. and Uson, J. M.},
  title = {Correcting direction-dependent gains in the deconvolution  of radio interferometric images},
  journal = "A\&A",
  year = 2008,
  volume = 487,
  number = 1,
  pages = "419-429",
}

@article{mwa-interferometric-imaging,
  title = "Interferometric Imaging with the 32 Element {Murchison Wide-Field Array}",
  author = {Ord, S. M. and Mitchell, D. A. and Wayth, R. B. and Greenhill, L. J. and Bernardi, G. and Gleadow, S. and Edgar, R. G. and Clark, M. A. and others},
  journal = {PASA},
  volume = {122},
  number = {897},
  pages = "1353--1366",
  year = {2010},
  publisher = {The University of Chicago Press on behalf of the Astronomical Society of the Pacific}
}

@article{cotton-schwab-clean,
  author = {Schwab, F. R},
  title = {"Relaxing the isoplanatism assumption in self-calibration; applications to low-frequency radio interferometry"},
  year = 1984,
  month = jul,
  pages = {1076--1081},
  volume = 89,
  journal = "AJ"
}

@article{hogbom-clean,
  title = "{Aperture Synthesis with a Non-Regular Distribution of Interferometer Baselines}",
  author = "J. A. H{\"o}gbom",
  journal = "A\&A Supp.",
  vol = 15,
  pages = 417,
  year = 1974,
  month = jun
}

@article{multiscale-clean-cornwell-2008,
  author={Cornwell, T.J.},
  journal={Selected Topics in Sig. Proc., IEEE Journal of},
  title={Multiscale CLEAN Deconvolution of Radio Synthesis Images},
  year={2008},
  month={Oct},
  volume={2},
  number={5},
  pages={793--801}
}

@article{wenger-compressed-sensing-2010,
  title = {SparseRI: A Compressed Sensing Framework for Aperture Synthesis Imaging in Radio Astronomy},
  author = {Wenger, S. and Magnor, M. and Pihlstr√∂m, Y. and Bhatnagar,, S. and Rau, U.},
  journal = {PASP},
  jstor_issuetitle = {},
  volume = {122},
  number = {897},
  pages = {1367-1374},
  ISSN = {00046280},
  language = {English},
  year = {2010},
  publisher = {The University of Chicago Press on behalf of the Astronomical Society of the Pacific},
}

@article{sault-wieringa-1994,
  title = {Multi-frequency synthesis techniques in radio interferometric imaging},
  author = {Sault, R. J. and Wieringa, M. H.},
  journal = {A\&As},
  volume = 108,
  pages = {585-594},
  year = 1994
}
