
%% Bibtex entry for my own article
@article{post-correlation-rfi-classification,
  title = "{Post-correlation radio frequency interference classification methods}",
  author = {A. R. Offringa and {de Bruyn}, A. G. and Biehl, M. and Zaroubi, S. and Bernardi, G. and Pandey, V. N.},
  journal = "MNRAS",
  year = "2010",
  volume = 405,
  month = jun,
  issue = 1,
  pages = {155-167},
  archivePrefix = "arXiv",
  eprint = {1002.1957}
}

@inproceedings{LOFAR-RFI-pipeline,
  title = "{A LOFAR RFI detection pipeline and its first results}",
  author = {Offringa, A. R. and {de Bruyn}, A. G. and Biehl, M. and Zaroubi, S.},
  booktitle = "Proc. of Science, RFI2010,",
  conference = "RFI2010",
  year = "2010b",
  month = mar,
  archivePrefix = "arXiv",
  eprint = {1007.2089},
  organization = "Astron",
  location = "Groningen, The Netherlands"
}

@inproceedings{LOFAR-interference-results,
  author={Offringa, A. R. and de Bruyn, A. G.},
  booktitle={General Assembly and Scientific Symposium, 2011 XXXth URSI},
  title={Interference detection results with {LOFAR}},
  year={2011},
  month={aug},
  volume={},
  number={},
  pages={1--4},
  keywords={AOFlagger;LOFAR interference detector;LOFAR radio environment;LOFAR telescope;interference monitoring observation;radio astronomy;reionisation epoch;radioastronomical techniques;radioastronomy;radiofrequency interference;radiotelescopes;radiowave interferometry;}
}

@article{scale-invariant-rank-operator,
  title = "A morphological algorithm for improved radio-frequency interference detection",
  author = {A. R. Offringa and J. J. van de Gronde and J. B. T. M. Roerdink},
  journal = "A\&A",
  year = "2012",
  volume = 539,
  month = mar,
  issue = "A95"
}

@article{post-correlation-filtering,
  title = "Post-correlation filtering techniques for off-axis source and {RFI} removal",
  author = {Offringa, A. R. and de Bruyn, A. G. and Zaroubi, S.},
  journal = "MNRAS",
  year = "2012b",
  volume=422,
  issue=1,
  pages={563--580},
  month = may
}

@article{lofar-radio-environment,
  title = "The {LOFAR} radio environment",
  author = "A. R. Offringa and A. G. de Bruyn and S. Zaroubi and others",
  journal = "A\&A",
  year = "2013",
  volume=549,
  issue="A1",
  month=jan
}

@book{lofar-imaging-cookbook,
  title = "The {LOFAR} Imaging Cookbook: {Manual} data reduction with the imaging pipeline",
  authors = "Roberto R. Pizzo and Laura Birzan and Ger van Diepen and Sven Duscha and John McKean and Andr\'e
R. Offringa and David Rafferty and Aleksandar Shulevski and Cyril Tasse and Bas van der Tol and Reinout van Weeren and Joris van Zwieten.",
  editor = "Roberto R. Pizzo",
  year = 2012
}

%% Bibtex entry for other articles
@article{statistical-rfi-removal,
 title = {{RFI} detection by automated feature extraction and statistical analysis},
 author = {Winkel, B. and Kerp, J. and Stanko, S.},
 journal = "AN",
 volume = 88,
 pages = {789-801},
 year = 2006
}

@article{the-gmrt-eor-experiment,
  author    = "Pen, Ue-Li and Chang, Tzu-Ching and Hirata, C.~M. and Peterson, Jeffrey B. and Roy, J. and Gupta, Y. and Odegova, J. and Sigurdson, K.",
  title     = "{The GMRT EoR Experiment: Limits on Polarized Sky Brightness at 150 MHz}",
  year      = "2009",
  month = oct,
  journal = "MNRAS",
  pages = {181-194},
  volume = 399,
  issue = 1
}

@article {gmrt-eor-upper-limit,
  author = {Paciga, Gregory and Chang, Tzu-Ching and Gupta, Yashwant and Nityanada, Rajaram and Odegova, Julia and Pen, Ue-Li and Peterson, Jeffrey B. and Roy, Jayanta and Sigurdson, Kris},
  title = {The {GMRT Epoch of Reionization} experiment: a new upper limit on the neutral hydrogen power spectrum at z approx 8.6},
  journal = {MNRAS},
  volume = {413},
  number = {2},
  publisher = {Blackwell Publishing Ltd},
  pages = {1174--1183},
  year = {2011},
  month = may
}

@article{variance-estimates,
 title = {Estimates of variance in radio-astronomy observations},
 author = {Fridman, P. A.},
 year = 2008,
 journal = {AJ},
 month = may,
 volume = 35,
 pages = {1810-1824}
}

@article{cusum,
 title = {Continuous Inspection Schemes},
 author = {Page, E. S.},
 year = 1954,
 journal = {Biometrika},
 volume = 41,
 pages = {100-115},
 month = jun 
}

@book{cusum-detection-of-abrupt-changes,
  title = {Detection of Abrupt Changes - Theory and Application},
  author = {Basseville, Mich\`ele and Nikiforov, Igor V.},
  year = 1993,
  month = apr,
  publisher = {Prentice-Hall, Inc.} 
}

@article{adaptive-cancellation,
  title= {A New Approach to Interference Excision in Radio Astronomy: Real-Time Adaptive Cancellation},
  author = {Barnbaum, C. and Bradley, R. F.},
  year = {1998},
  month = nov,
  pages = {2598-2614},
  volume = 115,
  journal = {AJ}
}

@book{adaptive-cancellation-in-communication,
  title = "Interference Mitigation: Theory and Application",
  author = "Ghose, Rabindra N.",
  year = 1996,
  publisher = "New York: IEEE Press"
}

@article{multichannel-rfi-mitigation,
  title = {Multichannel Interference Mitigation Techniques in Radio Astronomy},
  author = {Leshem, Amir and van der Veen, Alle-Jan and Boonstra, Albert-Jan},
  year = {2000},
  month = nov,
  pages = {355-373},
  volume = {131},
  journal = {ApJS}
}

@phdthesis{boonstra-dissertation,
  title = "Radio frequency interference mitigation in radio astronomy",
  author = "Boonstra, Albert-Jan",
  year = 2005,
  publisher = "University of Delft, Dept. EEMCS",
  month = jun
}

@inproceedings{spatial-filtering-leshem-2000,
  title = "Introduction to Interference Mitigation Techniques in Radio Astronomy",
  author = "Leshem, A. and van der Veen, A.-J.",
  booktitle = "Proc. of Perspectives on Radio Astronomy: Technologies for Large Antenna Arrays",
  location = "Dwingeloo, the Netherlands",
  publisher = "ASTRON",
  year = 2000,
  date = "12-14 April 1999",
  editor = "A. B. Smolders and M. P. Haarlem",
  pages = {201}
}

@ARTICLE{spatial-filtering-leshem-2000b,
  author = {Leshem , A. and van der Veen, A.-J.},
  title = {Radio astronomical imaging in the presence of strong radio interference},
  journal = {IEEE Trans. on Information Theory},
  year = {2000},
  pages = {1730--1747}
}

@ARTICLE{spatial-filtering-raza-2002,
  author={Raza, J. and Boonstra, A.-J. and van der Veen, A.J.},
  journal={Signal Processing Letters, IEEE},
  title={Spatial filtering of {RF} interference in radio astronomy},
  year={2002},
  month={feb},
  volume={9},
  number={2},
  pages={64 -67},
  keywords={RF interference;antenna arrays;array signal processing;astronomical data;averaging;interference removal;interference-free covariance matrix;interferometric radio astronomy;long-term average;multichannel radio astronomical observations;short-term spatial covariance matrices;spatial filtering;spatial signature vector estimation;subspace projection;array signal processing;covariance matrices;filtering theory;interference suppression;radioastronomical techniques;radiofrequency interference;radiowave interferometry;spatial filters;},
  ISSN={1070-9908}
}

@ARTICLE{lofar-foreground,
   author = {{Jeli{\'c}}, V. and {Zaroubi}, S. and {Labropoulos}, P. and {Thomas}, R. M. and {Bernardi}, G. and {Brentjens}, M. A. and 
	{de Bruyn}, A. G. and {Ciardi}, B. and {Harker}, G. and {Koopmans}, L. V. E. and 
	{Pandey}, V. N. and {Schaye}, J. and {Yatawatta}, S.},
    title = "{Foreground simulations for the LOFAR-epoch of reionization experiment}",
  journal = {MNRAS},
archivePrefix = "arXiv",
   eprint = {0804.1130},
 keywords = {instrumentation: interferometers , cosmology: observation , cosmology: theory , diffuse radiation , radio continuum: general , radio lines: general},
     year = 2008,
    month = sep,
   volume = 389,
    pages = {1319-1335}
}

@ARTICLE{lofar-simulations,
   author = {{Thomas}, R. M. and {Zaroubi}, S. and {Ciardi}, B. and {Pawlik}, A. H. and {Labropoulos}, P. and {Jeli{\'c}}, V. and {Bernardi}, G. and 
	{Brentjens}, M. A. and {de Bruyn}, A. G. and {Harker}, G. J. A. and 
	{Koopmans}, L. V. E. and {Mellema}, G. and {Pandey}, V. N. and 
	{Schaye}, J. and {Yatawatta}, S.},
    title = "{Fast large-scale reionization simulations}",
  journal = {MNRAS},
archivePrefix = "arXiv",
   eprint = {0809.1326},
 keywords = {quasars: general , cosmology: observation , cosmology: theory , diffuse radiation , radio lines: general},
     year = 2009,
    month = feb,
   volume = 393,
    issue = 1,
    pages = {32-48}
}

@ARTICLE{fringe-fitting-rfi-mitigation,
   author = {{Athreya}, R.},
    title = "{A new approach to mitigation of radio frequency interference in interferometric data}",
  journal = {AJ},
   eprint = {0902.3332},
 keywords = {Astrophysics - Instrumentation and Methods for Astrophysics},
     year = 2009,
    month = apr,
   volume = {696},
    issue = {1},
    pages = {885-890}
}

@ARTICLE{lofar-rfi-requirements,
  author = {Boonstra, A.-J. and Wijnholds, S. J. and van der Tol, S. and Jeffs, B.},
  title = "{Calibration, sensitivity and RFI mitigation requirements for LOFAR}",
  journal = "{Proc. IEEE Int. Conf. on Acoustics, Speech \& Signal Processing}",
  year = 2005,
  volume = 5,
  month = mar,
  pages = {869-872}
}

%BOOK{thompson-radio-interferometry,
%  author = {Thompson, A. Richard and Moran, James M. and Swenson, George W.},
%  title = "{Interferometry and Synthesis in Radio Astronomy}",
%  year = 1986,
%  publisher = "Wiley-Interscience"
%}

@ARTICLE{wsrt-rfims,
  author = {Baan, W. A. and Fridman, P. A. and Millenaar, R. P.},
  title = "Radio Frequency Interference Mitigation at the {Westerbork Synthesis Radio Telescope}: Algorithms, Test Observations, and System Implementation",
  journal = "{AJ}",
  volume = 128,
  pages = {933--949},
  year = 2004,
  month = aug
}

@article{spatial-filtering-focal-plane,
  title = "Interference mitigation using a focal plane array",
  author = "Chad K. Hansen and Karl F. Warnick and Brian D. Jeffs and J. Richard Fisher and Richard Bradley",
  journal = "Radio Science",
  volume = 40,
  issue = "RS5S16",
  pages = 13,
  year = 2005
}

@inproceedings{fisher-spatial-filtering,
  title = "Techniques for Coping with Radio Frequency Interference",
  author = "Fisher, J. R.",
  booktitle = "Preserving the Astronomical Sky, proc. of IAU Symposium 196",
  month = jul,
  year = 2001,
  address = "Vienna, Austria.",
  editor = "Cohen, R. J. and Sullivan, W. T.",
  pages = "279"
}

@inproceedings{wsrt-rfims-rfi2010,
  title = "{The RFI Mitigation System at WSRT}",
  author = "Willem A. Baan and Peter A. Fridman and Subashis Roy and Robert Millenaar",
  booktitle = "Proc. of Science, RFI2010,",
  conference = "RFI2010",
  year = 2010,
  month = mar,
  organization = "Astron",
  location = "Groningen, The Netherlands"
}

@article {lofar-power-spectrum-extraction,
  author = {Harker, Geraint and Zaroubi, Saleem and Bernardi, Gianni and Brentjens, Michiel A. and de Bruyn, A. G. and Ciardi, Benedetta and Jeli{\'c}, Vibor and Koopmans, Leon V. E. and Labropoulos, Panagiotis and Mellema, Garrelt and Offringa, André and Pandey, V. N. and Pawlik, Andreas H. and Schaye, Joop and Thomas, Rajat M. and Yatawatta, Sarod},
  title = {Power spectrum extraction for redshifted 21-cm {Epoch of Reionization} experiments: the {LOFAR} case},
  journal = {MNRAS},
  volume = {405},
  number = {4},
  publisher = {Blackwell Publishing Ltd},
  pages = {2492--2504},
  year = {2010}
}

@article {lofar-non-parametric-foreground-subtraction,
  author = {Harker, Geraint J. A. and Zaroubi, Saleem and Bernardi, Gianni and Brentjens, Michiel A. and De Bruyn, A. G. and Ciardi, Benedetta and Jeli{\'c}, Vibor and Koopmans, Leon V. E. and Labropoulos, Panagiotis and Mellema, Garrelt and Offringa, A. R. and Pandey, V. N. and Schaye, Joop and Thomas, Rajat M. and Yatawatta, Sarod},
  title = {Non-parametric foreground subtraction for 21-cm epoch of reionization experiments},
  journal = {MNRAS},
  volume = {397},
  number = {2},
  publisher = {Blackwell Publishing Ltd},
  pages = {1138--1152},
  year = {2009},
  month = aug
}

@article {lofar-eor-signal-extraction-harker,
  author = {Harker, Geraint J. A. and Zaroubi, Saleem and Thomas, Rajat M. and Jeli{\'c}, Vibor and Labropoulos, Panagiotis and Mellema, Garrelt and Iliev, Ilian T. and Bernardi, Gianni and Brentjens, Michiel A. and De Bruyn, A. G. and Ciardi, Benedetta and Koopmans, Leon V. E. and Pandey, V. N. and Pawlik, Andreas H. and Schaye, Joop and Yatawatta, Sarod},
  title = {Detection and extraction of signals from the epoch of reionization using higher-order one-point statistics},
  journal = {MNRAS},
  volume = {393},
  number = {4},
  publisher = {Blackwell Publishing Ltd},
  pages = {1449--1458},
  year = {2009},
  month = mar
}

@article{fastica-eor,
  title = "Foreground Removal using {FastICA}: A Showcase of {LOFAR-EoR}",
  author = "Emma Chapman and Filipe B. Abdalla and Geraint Harker and Vibor Jeli{\'c} and Panagiotis Labropoulos and Saleem Zaroubi and Michiel A. Brentjens and A. G. de Bruyn and L. V. E. Koopmans",
  note = "submitted to MNRAS",
  year = 2012
}

@ARTICLE{bernardi-wsrt-foregrounds-1,
   author = {{Bernardi}, G. and {de Bruyn}, A. G. and {Brentjens}, M. A. and {Ciardi}, B. and {Harker}, G. and {Jeli\'c}, V. and {Koopmans}, L. V. E. and 
	{Labropoulos}, P. and {Offringa}, A. R. and {Pandey}, V. N. and 
	{Schaye}, J. and {Thomas}, R. M. and {Yatawatta}, S. and {Zaroubi}, S.
	},
    title = "{Foregrounds for observations of the cosmological 21 cm line: I. First Westerbork measurements of Galactic emission at 150 MHz in a low latitude field}",
  journal = {A\&A},
 keywords = {Astrophysics - Cosmology and Extragalactic Astrophysics, Astrophysics - Galaxy Astrophysics},
     year = 2009,
    month = mar,
   volume = 500,
    pages = {965-979}
}

@ARTICLE{bernardi-wsrt-foregrounds-2,
  author = {{Bernardi}, G. and {de Bruyn}, A. G. and {Brentjens}, M. A. and {Ciardi}, B. and {Harker}, G. and {Jeli\'c}, V. and {Koopmans}, L. V. E. and 
	{Labropoulos}, P. and {Offringa}, A. R. and {Pandey}, V. N. and 
	{Schaye}, J. and {Thomas}, R. M. and {Yatawatta}, S. and {Zaroubi}, S.
	},
  title = "{Foregrounds for observations of the cosmological 21 cm line: II. Westerbork observations of the fields around 3C196 and the North Celestial Pole}",
  journal = {A\&A},
  year = 2010,
  volume=522,
  issue = "A67"
}

@ARTICLE{impact-of-warc79,
  title = "{Radio Astronomy and Spectrum Management: The Impact of WARC-79}",
  journal = {IEEE Trans. on Electromagnetic Compatibility},
  author = {{Pankonin}, V. and {Price}, R. M.},
  year = 1981,
  month = aug,
  volume = {EMC-23},
  issue = 3,
  part = 2,
  pages = {308-317},
  ISSN = {0018-9375}
}

@ARTICLE{interference-and-radioastronomy-1991,
  title = "{Interference and Radioastronomy}",
  year = 1991,
  month = nov,
  author = {{Thompson}, A. R. and {Gergely}, T. E. and {Vanden Bout}, P. A.},
  journal = "Physics today",
  pages = {41-49},
  volume = 44,
  issue = 11
}

@article{adaptive-filtering-alternative-structures,
  title = "Alternative Adaptive Filter Structures for Improved Radio Frequency Interference Cancellation in Radio Astronomy",
  author = "D. A. Mitchell and J. G. Robertson and R. J. Sault",
  month = nov,
  journal = "AJ",
  volume = 130,
  pages = {2424--2433},
  year = 2005
}

@article{reference-antenna-with-moving-sources,
  title = "Reference Antenna Techniques for Canceling {RFI} due to Moving Sources",
  author = "Mitchell, D. A. and Robertson, J. G.",
  journal = "Radio Science",
  volume = 40,
  issue = "RS5S11",
  year = 2005
}

@article{reference-antennae-glonass-green-bank,
  author={A. J. Poulsen and B. D. Jeffs and K. F. Warnick and J. R. Fisher},
  title={Programmable Real-Time Cancellation of {GLONASS} Interference with the {Green Bank Telescope}},
  journal={The Astronomical Journal},
  volume={130},
  number={6},
  pages={2916},
  year={2005}
}

@article{post-correlation-reference-signal,
  title= "Removing Radio Interference from Contaminated Astronomical Spectra using an Independent Reference Signal and Closure Relations",
  year = 2000,
  month = dec,
  author = {{Briggs}, F. H. and Bell, J. F. and Kesteven, M. J.},
  journal = "{AJ}",
  volume = 120,
  pages = {3351-3361}
}

@article{pulse-blanking,
  title = "Examination of a simple pulse-blanking technique for radio frequency interference mitigation",
  year = 2005,
  month = jun,
  author = {{Niamsuwan}, N. and {Johnson}, J. T. and {Ellingson}, S. W.},
  journal = "{Radio Science}",
  volume = 40,
  issue = 5
}

@ARTICLE{rfi-mitigation-overview-fridman-baan,
   author = {{Fridman}, P. A. and {Baan}, W. A.},
    title = "{RFI mitigation methods in radio astronomy}",
  journal = {A\&A},
 keywords = {TECHNIQUES: INTERFEROMETRIC, MISCELLANEOUS, METHODS: STATISTICAL, NUMERICAL},
     year = 2001,
    month = oct,
   volume = 378,
    pages = {327-344}
}

@article{interference-model-lemmon,
  author = {Lemmon, John J.},
  title = {Wideband model of man-made {HF} noise and interference},
  year = 1997,
  journal = {Radio Science},
  volume = 32,
  issue = 2,
  pages = {525-539},
  month = mar
}

@article{chi-square-time-blanking-weber,
  title = {Spectral detector for interference time blanking},
  author = {Weber, R. and Faye, C. and Biraud, F. and Dansou, J.},
  mon = nov,
  year = 1997,
  journal = {A\&AS},
  volume = 126,
  pages = {161-167}
}

@article{rfi-response-thompson-1982,
  title = {The Response of a Radio-Astronomy Synthesis Array to Interfering Signals},
  author = {Thompson, A. Richard},
  journal = {IEEE Trans. on Antennae \& Propagation},
  mon = may,
  year = 1982,
  volume = 30,
  issue = 3,
  pages = {450-456}
}

@article{cusum-cleaning-fridman-1996,
  title = {A Change Point Detection Method for Elimination of Industrial Interference in Radio Astronomy Receivers},
  author = {Friedman, Peter},
  journal ={Proc. 8th IEEE Signal Processing Workshop on Statistical Signal \& Array Processing},
  year = 1996,
  month = jun,
  isbn = {0-8186-7576-4},
  pages = {264-266},
  publisher = {IEEE Computer Soc.}
}

@article{median-filtering-bath-2005,
  author = {Bhat, N.~D.~R. and Cordes, J.~M. and Chatterjee, S. and Lazio, T.~J.~W.},
  title = {{RFI} Identification and Mitigation Using Simultaneous Dual Station Observations},
  year = {2005},
  journal = "{Radio Science}",
  month = jun,
  volume = 40,
  issue = {RS5S14}
}

@book{newstar,
   author = {{Noordam},~J.},
    title = "{The Newstar cookbook, Internal NFRA report}",
 keywords = {},
publisher = {},
     year = 1994
}

@article{hampson-spatial-nulling-2002,
  author = {Smolders, Bart and Hampson, Grant},
  title = "{Deterministic RF nulling in phased arrays for the next generation of radio telescopes}",
  journal = "{IEEE Antennas \& Propagation magazine}",
  year = 2002,
  month = aug,
  volume = 44,
  issue = 4,
  pages = {13-22},
  keywords = "Deterministic approach ; Calibration ; Beam forming ; Interference suppression ; Phased array antenna ; Array signal processing ; Radio astronomy"
}

@article{ellingson-spatial-nulling-2002,
  author = {Ellingson, Steven W. and Hampson, Grant A.},
  title = "A Subspace-Tracking Approach to Interference Nulling for Phased Array-Based Radio Telescopes",
  journal = "{IEEE Trans. on Antennas \& Propagation}",
  year = 2002,
  volume = 50,
  issue = 1,
  month = jan,
  pages = {25-30}
}

@article{winkel-data-reduction-effelsberg,
  title = "{Data reduction strategy of the Effelsberg-Bonn HI Survey (EBHIS)}",
  author = {Winkel, B. and Kerp, J. and Kalberla, P.M.W.},
  journal = "{Proc. Panoramic Radio Astronomy: Wide-field 1-2 GHz research on galaxy evolution, PoS(PRA2009)043}",
  year = 2009,
  month = jun
}

@manual{evla-observational-status,
  title = "{The Expanded Very Large Array observational status summary}",
  author = {Chandler, C. J. and Perley, R. A.},
  year = 2010,
  month = mar,
  organization = "NRAO"
}

@article{paper-ddr-filtering,
   author = {{Parsons}, A.~R. and {Backer}, D.~C.},
    title = "{Calibration of Low-Frequency, Wide-Field Radio Interferometers Using Delay/Delay-Rate Filtering}",
  journal = "{AJ}",
archivePrefix = "arXiv",
   eprint = {0901.2575},
 primaryClass = "astro-ph.IM",
 keywords = {instrumentation: interferometers, methods: data analysis, techniques: interferometric},
     year = 2009,
    month = jul,
   volume = 138,
    pages = {219-226}
}

@article{paper-eor-experiment,
  author={Daniel C. Jacobs and James E. Aguirre and Aaron R. Parsons and Jonathan C. Pober and Richard F. Bradley and Chris L. Carilli and Nicole E. Gugliucci and Jason R. Manley and Carel van der Merwe and David F. Moore and Chaitali R. Parashare},
  title={New 145~{MHz} Source Measurements by {PAPER} in the Southern Sky},
  journal={The Astrophysical Journal Letters},
  volume={734},
  number={2},
  pages={L34},
  year={2011}
}

@article{mwa-interferometric-imaging,
  title = "Interferometric Imaging with the 32 Element {Murchison Wide-Field Array}",
  author = {Ord, S. M. and Mitchell, D. A. and Wayth, R. B. and Greenhill, L. J. and Bernardi, G. and Gleadow, S. and Edgar, R. G. and Clark, M. A. and Allen, G. and Arcus, W. and Benkevitch, L. and Bowman, J. D. and Briggs, F. H. and Bunton, J. D. and Burns, S. and Cappallo, R. J. and Coles, W. A. and Corey, B. E. and deSouza, L. and Doeleman, S. S. and Derome, M. and Deshpande, A. and Emrich, D. and Goeke, R. and Gopalakrishna, M. R. and Herne, D. and Hewitt, J. N. and Kamini, P. A. and Kaplan, D. L. and Kasper, J. C. and Kincaid, B. B. and Kocz, J. and Kowald, E. and Kratzenberg, E. and Kumar, D. and Lonsdale, C. J. and Lynch, M. J. and McWhirter, S. R. and Madhavi, S. and Matejek, M. and Morales, M. F. and Morgan, E. and Oberoi, D. and Pathikulangara, J. and Prabu, T. and Rogers, A. E. E. and Roshi, A. and Salah, J. E. and Schinkel, A. and Shankar, N. Udaya and Srivani, K. S. and Stevens, J. and Tingay, S. J. and Vaccarella, A. and Waterson, M. and Webster, R. L. and Whitney, A. R. and Williams, A. and Williams, C.},
  journal = {Pub. of the Astr. Soc. of the Pac.},
  volume = {122},
  number = {897},
  pages = "1353--1366",
  year = {2010},
  publisher = {The University of Chicago Press on behalf of the Astronomical Society of the Pacific}
}

@article{edges,
  author = "Bowman, Judd D and Rogers, Alan E. E.",
  title = "A lower limit of dz $>$ 0.06 for the duration of the reionization epoch",
  journal = "Nature",
  volume = 468,
  issue = 7325,
  pages = "796--798",
  year = 2010,
  month = dec
}

@inproceedings{rfi-mitigation-in-aips,
  author = {Kogan, Leonid and Owen, Frazer},
  title = "{RFI Mitigation in AIPS. The New Task UVRFI}",
  booktitle = "Proc. of Science, RFI2010,",
  conference = "RFI2010",
  year = 2010,
  month = mar,
  organization = "Astron",
  location = "Groningen, The Netherlands"
}

@article{peeling-calibration-for-lofar,
  title = {{LOFAR} calibration challenges},
  publisher = {SPIE},
  year = {2004},
  issn = {0277786X},
  coden = {PSISDG},
  volume = {5489},
  number = {1},
  pages = {817-825},
  author = {Jan E. Noordam},
  journal = "Proc. of SPIE"
} 

@article{lf-calibration-with-source-peeling,
   author = {{Intema}, H.~T. and {van der Tol}, S. and {Cotton}, W.~D. and Cohen, A.~S. and van Bemmel, I.~M. and {R\"ottgering}, H.~J.~A.},
    title = "{Ionospheric calibration of low frequency radio interferometric observations using the peeling scheme. I. Method description and first results}",
  journal = {A\&A},
archivePrefix = "arXiv",
   eprint = {0904.3975},
 primaryClass = "astro-ph.IM",
 keywords = {atmospheric effects, methods: numerical, techniques: interferometric},
     year = 2009,
    month = jul,
   volume = 501,
    pages = {1185-1205}
}

@article{harmonical-window-functions,
  author={Harris, F. J.},
  journal={Proceedings of the IEEE},
  title={On the use of windows for harmonic analysis with the discrete {Fourier} transform},
  year={1978},
  month={jan.},
  volume={66},
  number={1},
  pages={ 51 - 83},
  keywords={},
  ISSN={0018-9219},
}


  	
@article{spatial-filtering-parkes-multibeam,
  author={J. Kocz and F. H. Briggs and J. Reynolds},
  title={Radio Frequency Interference Removal through the Application of Spatial Filtering Techniques on the {Parkes} Multibeam Receiver},
  journal={AJ},
  volume={140},
  number={6},
  pages={2086},
  year={2010}
}

@article {spatial-filtering-parkes-multibeam-for-pulses,
  author = {Kocz, J. and Bailes, M. and Barnes, D. and Burke-Spolaor, S. and Levin, L.},
  title = {Enhanced pulsar and single pulse detection via automated radio frequency interference detection in multipixel feeds},
  journal = {MNRAS},
  volume = {420},
  number = {1},
  publisher = {Blackwell Publishing Ltd},
  issn = {1365-2966},
  pages = {271--278},
  keywords = {instrumentation: miscellaneous, methods: numerical, pulsars: general},
  year = {2012},
}

@book{spatial-filtering-widrow,
  title = "Adaptive Signal Processing",
  author = "Bernard Widrow and Peter N. Stearns",
  year = 1985,
  month = mar,
  publisher = "Prentice Hall"
}

@inproceedings{demixing-lofar,
  author={Jeffs, B.~D. and van der Tol, S. and van der Veen, A.-J.},
  journal={Proc. of IEEE ICASSP},
  title={Direction Dependent Self Calibration of Large Distributed Sensor Arrays},
  year={2006},
  month=may,
  volume={4},
  pages={IV1069}
}

@inproceedings{sage-calibration-i,
  author = {Yatawatta, Sarod and Zaroubi, Saleem and {de Bruyn}, Ger and Koopmans, Leon and Noordam, Jan},
  title = {{Radio Interferometric Calibration Using The SAGE Algorithm}},
  year = 2009,
  booktitle = {Proc. of 13th Dig. Sig. Proc. Workshop and 5th IEEE Sig. Proc. Education Workshop},
  pages = {150--155},
  location = {Marco Island, FL, USA}
}

@article {sage-calibration-ii,
author = {Kazemi, S. and Yatawatta, S. and Zaroubi, S. and Labropoulos, P. and de Bruyn, A.~G. and Koopmans, L.~V.~E. and Noordam, J.},
title = {Radio interferometric calibration using the {SAGE} algorithm},
journal = {MNRAS},
volume = {414},
number = {2},
publisher = {Blackwell Publishing Ltd},
issn = {1365-2966},
pages = {1656--1666},
keywords = {methods: numerical, methods: statistical, techniques: interferometric},
year = {2011},
}

@ARTICLE{understanding-radio-polarimetry-i,
   author = {{Hamaker}, J.~P. and {Bregman}, J.~D. and {Sault}, R.~J.},
    title = "{Understanding radio polarimetry. I. Mathematical foundations.}",
  journal = {A\&AS},
 keywords = {METHODS: ANALYTICAL, METHODS: DATA ANALYSIS, TECHNIQUES: INTERFEROMETERS, TECHNIQUES: POLARIMETERS},
     year = 1996,
    month = may,
   volume = 117,
    pages = {137-147}
}

@article{revisiting-me-i,
  author = {Smirnov, O.~M.},
  encoding = {tex},
  title = {Revisiting the radio interferometer measurement equation},
  journal = {A\&A},
  year = 2011,
  volume = 527,
  pages = "A106",
  month = mar,
}

%% RS5S05
@article{postcorrelation-lf-rfi-excision,
  author = {Lane, W.~M. and Cohen, A.~S. and Kassim, N.~E. and Lazio, T.~J.~W. and Perley, R.~A. and Cotton, W.~D. and Greisen, E.~W.},
  year = 2005,
  title = {Postcorrelation radio frequency interference excision at low frequencies},
  journal = {RS},
  volume = 40
}

@article{double-double-radio-galaxies-schoenmakers,
  author = {Schoenmakers, Arno P. and de Bruyn, A. G. and R\"ottgering, H. J. A. and Van Der Laan, H. and Kaiser, C. R.},
  title = {Radio galaxies with a 'double-double morphology' --- {I. Analysis} of the radio properties and evidence for interrupted activity in active galactic nuclei},
  journal = {MNRAS},
  volume = {315},
  number = {2},
  publisher = {Blackwell Science Ltd},
  issn = {1365-2966},
  pages = {371--380},
  keywords = {galaxies: active, galaxies: jets, radio continuum: galaxies},
  year = {2000},
}

@inproceedings{deep-wsrt-150mhz-observations,
  author = {de Bruyn, A. G. and Bernardi, G.},
  title = {The First Deep {WSRT 150 MHz} Full Polarization Observations},
  booktitle = {ASP Conf. Ser.},
  editor = {Saikia, D. J. and Green, D. A. and Gupta, Y. and Venturi, T.},
  pages = {3},
  year = {2009},
  month = {sep},
  volume = {407},
  publisher = "Astron. Soc. Pac.",
  organizer = "TIFR",
  address = "Pune, India"
}

@inproceedings{big-book-on-synthesis-imaging,
  booktitle = {{Synthesis Imaging in Radio Astronomy II}},
  editor = {{Taylor, G. B. and Carilli, C. L. and Perley, R. A.}},
  author = "Bridle, A. H. and Schwab, F. R.",
  title = "Bandwidth and Time-Average Smearing",
  year = {1999},
  volume = {180},
  publisher = {Astron. Soc. Pac.},
  isbn = {1-58381-005-6},
  pages = {371}
}

@inproceedings{bentum-lofar-rfi-mitigation,
  booktitle = {URSI General Assembly 2008},
  month = {August},
  title = {Implementation of {LOFAR RFI} mitigation strategy},
  author = {Mark {Bentum} and Albert-Jan {Boonstra} and Rob {Millenaar} and Andr\'e {Gunst}},
  address = {Chicago},
  publisher = {URSI},
  year = {2008},
  abstract = {ASTRON is building the world's largest radio telescope for low frequencies, LOFAR. LOFAR is optimized for detecting astronomical signals in the 30-80 MHz and 120-240 MHz frequency windows. Since this part of the spectrum is in extensive use by others, a special RFI mitigation strategy is implemented which will be described in the paper. International RFI measurements will be presented and we will focus on practical implementation issues such as the impact of Digital Video Broadcast, RF emissions from power lines and the influence of large wind turbines on the EM environment}
}

@inproceedings{bregman-lofar-concept-design,
  author = {Jaap D. Bregman},
  editor = {Harvey R. Butcher},
  title = {Concept design for a low-frequency array},
  publisher = {SPIE},
  year = {2000},
  journal = {Radio Telescopes},
  volume = {4015},
  number = {1},
  pages = {19-32},
  location = {Munich, Germany}
}

@conference{de-bruyn-eor-ursi-2011,
  author = {{\TUSSEN{Bruyn}{De}{de}} Bruyn, A. G. and Brentjens, M. A. and Koopmans, L. V. E. and Zaroubi, S. and Labropoulos, P. and Yatawatta, S. B.},
  title = {Detecting the {EoR} with {LOFAR}: Steps along the road},
  journal = {General Assembly and Scientific Symposium, 2011 XXXth URSI},
  year = 2011,
  month = {aug},
  pages = {1-4},
  location = {Istanbul, Turkey},
  isbn = {978-1-4244-5117-3},
  booktitle = "Proc. of General Assembly and Scientific Symposium, 2011 XXXth URSI",
  conference = "2011 XXXth URSI",
  publisher = "IEEE"
}

@article{lofar-pulsars,
  author = {Stappers, B. W. and Hessels, J. W. T. and Alexov, A. and others},
  encoding = {tex},
  title = {Observing pulsars and fast transients with {LOFAR}},
  journal = {A\&A},
  year = 2011,
  volume = 530,
  pages = "A80",
  month = jun,
}

@inproceedings{effelsberg-rfi-mitigation,
   author = {{Fl{\"o}er}, L. and {Winkel}, B. and {Kerp}, J.},
    title = "{RFI mitigation for the Effelsberg Bonn HI Survey (EBHIS)}",
archivePrefix = "arXiv",
   eprint = {1007.2328},
 primaryClass = "astro-ph.IM",
  booktitle = "Proc. of Science, RFI2010,",
  conference = "RFI2010",
  year = 2010,
  month = mar,
  organization = "Astron",
  location = "Groningen, The Netherlands"
}

@INPROCEEDINGS{linear-maximal-subsequence-algorithm,
    author = {Walter L. Ruzzo and Martin Tompa},
    title = {A Linear Time Algorithm for Finding All Maximal Scoring Subsequences},
    booktitle = {In Proceedings of the Seventh International Conference on Intelligent Systems for Molecular Biology},
    year = {1999},
    pages = {234--241},
    publisher = {AAAI Press}
}

@REPORT{parallellized-maximal-subsequence-algorithm,
    author = {C. E. R. Alves and E. N. C\`aceres and S. W. Song},
    title = {{A BSP/CGM algorithm for finding all maximal contiguous subsequences of a sequence of numbers. Technical report, Universidade de S\~ao Paulo}},
    year = {2005}
}

@ARTICLE{urbach-scale-invariant-morphology,
  author={Urbach, E.R. and Roerdink, J.B.T.M. and Wilkinson, M.H.F.},
  journal={Pattern Analysis and Machine Intelligence, IEEE Trans.},
  title={Connected Shape-Size Pattern Spectra for Rotation and Scale-Invariant Classification of Gray-Scale Images},
  year={2007},
  month={feb. },
  volume={29},
  number={2},
  pages={272 -285},
  keywords={Brodatz;COIL-100;COIL-20;connected shape-size pattern spectra;diatoms;gray-scale image classification;multiscale morphological method;multishape morphological method;pattern-based analysis;rotation invariance;scale-invariant classification;image classification;mathematical morphology;Algorithms;Artificial Intelligence;Image Enhancement;Image Interpretation, Computer-Assisted;Information Storage and Retrieval;Pattern Recognition, Automated;Photometry;Rotation;},
  ISSN={0162-8828}
}

@article{mathematical-morphology-goutsias,
 author = {Goutsias, John and Heijmans, Henk J. A. M.},
 title = {Fundamenta morphologicae mathematicae},
 journal = {Fundam. Inf.},
 volume = {41},
 issue = {1-2},
 month = {January},
 year = {2000},
 issn = {0169-2968},
 pages = {1--31},
 numpages = {31},
 publisher = {IOS Press},
 address = {Amsterdam, The Netherlands, The Netherlands},
 keywords = {Boolean function, adjunction, alternating sequential filter, closing, complete lattice, connected operator, connectivity, dilation, erosion, flat operator, fuzzy set, grain operator, granulometry, grey-scale image, idempotence, mathematical morphology, morphological filter, morphological operator, multivalued image, opening, thresholding},
} 

@inproceedings{hardware-implementation-spectral-kurtosis,
  author={Gary, Dale E. and Liu, Zhiwei and Nita, Gelu M.},
  title={Hardware Implementation of an {SK} Spectrometer},
  booktitle = "Proc. of Science, RFI2010,",
  conference = "RFI2010",
  year = 2010,
  month = mar
}

@article{programming-pearls-maximum-sum,
 author = {Bentley, Jon},
 title = {Programming pearls: algorithm design techniques},
 journal = {Commun. ACM},
 volume = {27},
 issue = {9},
 month = {September},
 year = {1984},
 issn = {0001-0782},
 pages = {865--873},
 numpages = {9},
 acmid = {381162},
 publisher = {ACM},
 address = {New York, NY, USA},
} 

@article{morphological-operators-rank-filters,
  title = "On morphological operators based on rank filters",
  journal = "Pattern Recognition",
  volume = "35",
  number = "2",
  pages = "527 - 535",
  year = "2002",
  issn = "0031-3203",
  author = "Pierre Soille",
  keywords = "Mathematical morphology",
  keywords = "Rank filters",
  keywords = "Order statistics",
  keywords = "Median",
  keywords = "Opening",
  keywords = "Closing",
  keywords = "Hit-or-miss",
  keywords = "Image filtering",
  keywords = "Minkowski"
}

@phdthesis{lofar-eor-data-model,
  title = "The LOFAR Epoch of Reionization Data Model: Simulations, Calibration, Inversion",
  author = "Labropoulos, P.",
  year = 2010,
  month = sep,
  publisher = "University of Groningen"
}

@phdthesis{cosmological-21cm-experiments-jelic,
  title = "Cosmological 21cm experiments : searching for a needle in a haystack",
  author = "Jeli{\'c}, V.",
  year = 2010,
  month = may,
  publisher = "University of Groningen"
}

@inproceedings{imaging-pipeline-heald,
  title = "Progress with the {LOFAR} Imaging Pipeline",
  author = "Heald, G. and others",
  conference = "ISKAF2010",
  month = jun,
  year =  2010
}

@article{pieflag-middelberg,
  journal = "Publications of the Astronomical Society of Australia",
  author = "Middelberg, E.",
  title = "Automated Editing of Radio Interferometer Data with {\tt PIEFLAG}",
  year = 2006,
  pages = {64--68},
  volume = 23
}

@article{jansky,
  title = "Electrical disturbances apparently of extraterrestrial origin",
  author = "Jansky, K. G.",
  journal = "Proc. IRE",
  year = 1933
}

@article{pulsars,
  title = "Observation of a Rapidly Pulsating Radio Source",
  author = "Hewish, A. and Bell, S. J. and Pilkington, J. D. H. and Scott, P. F. and Collins, R. A.",
  journal = "Nature",
  volume = 217,
  pages = {709--713},
  year = 1968,
  month = feb
}

%% this is not the detection paper
@ARTICLE{cmb-only-reference-not-detection,
   author = {{Dicke}, R.~H. and {Peebles}, P.~J.~E. and {Roll}, P.~G. and 
	{Wilkinson}, D.~T.},
    title = "{Cosmic Black-Body Radiation.}",
  journal = {\apj},
 keywords = {Big Bang},
     year = 1965,
    month = jul,
   volume = 142,
    pages = {414--419},
}

@article{cobe-first-result,
  title = "A preliminary measurement of the cosmic microwave background spectrum by the {Cosmic Background Explorer (COBE)} satellite",
  author = "Mather, J. C. and Cheng, E. S. and Eplee, Jr., R. E. and others",
  journal = "ApJ",
  volume = 354,
  month = may,
  year = 1990,
  pages = "L37--L40"
}

@article{directional-morphological-filtering,
  title = "Directional Morphological Filtering",
  author = "Soille, Pierre and Talbot, Hugues",
  journal = {IEEE Transactions on Pattern Analysis and Machine Intelligence},
  volume = {23},
  issn = {0162-8828},
  year = {2001},
  pages = {1313-1329},
  publisher = {IEEE Computer Society},
  address = {Los Alamitos, CA, USA}
}

@inproceedings{recursive-gaussian-filters-van-vliet,
  author = "van Vliet, L.J. and Young, I.T. and Verbeek, P.W.",
  booktitle = "14th Int. Conf. on Pattern Recognition",
  title = {Recursive {Gaussian} derivative filters},
  month = Aug,
  year = 1998,
  address = "Brisbane, Qld., Australia"
}

@inproceedings{recursive-gaussians-deriche,
  author = {Rachid Deriche},
  title = {Recursively implementing the {Gaussian} and its derivatives},
  year = {1992},
  pages = {263--267},
  location = "Singapore",
  booktitle = "Proc. 2nd International Conference on Image Processing"
}

@report{recursive-gaussian-filters-halen,
  author = {Dave Halen},
  publisher = {Center for Wave Phenomena, Colorado School of Mines, Golden CO 80401, USA},
  title = "Recursive {Gaussian} filters",
  year = 2006,
  note = "CWP Report"
}

@techreport{offringa-quality-tables-proposal,
  author = {Offringa, A. R.},
  title = {Proposal for adding statistics sub-tables to a measurement set},
  institution = {University of Groningen, Kapteyn Astronomical Institute},
  month = dec,
  year = 2011
}

@inproceedings{blue-gene-romein,
    author = {Romein, J. W. and Mol, J. D. and van Nieuwpoort, R. V. and Broekema, P. C.},
    booktitle = {URSI General Assembly, 2011},
    institution = {Stichting ASTRON (Netherlands Found. for Res. in Astron.), Dwingeloo, Netherlands},
    isbn = {978-1-4244-5117-3},
    month = aug,
    pages = {1--4},
    publisher = {IEEE},
    title = {{Processing LOFAR telescope data in real time on a Blue Gene/P supercomputer}},
    year = {2011}
}

@techreport{bandpass-correction-lofar-romein,
  author = {Romein, J. W.},
  title = {Bandpass correction in {LOFAR}},
  institution = {ASTRON},
  month = aug,
  year = 2008
}

@article{assessment-of-LOFAR-RFI,
  title = "{Assessment of {RFI} measurements for {LOFAR}}",
  author = {Bentum, M. J. and Boonstra, A.-J. and Millenaar, R. P.},
  journal = "Proc. of RFI2010",
  booktitle = "Proc. of RFI2010",
  conference = "RFI2010",
  year = 2010,
  month = mar
}

@inproceedings{wsrt-lffe,
  author = "van der Marel, H. and Woestenburg, E. E. M. and de Bruyn, A. G.",
  title = "Low Frequency Receivers for the {WSRT. A} window of opportunity",
  booktitle = "Proc. of URSI-GA 2005",
  address = "New Delhi, India",
  month = oct,
  year = 2005
}

@article{hata-propagation-loss,
  title = "Empirical Formula for Propagation Loss in Land Mobile Radio Services",
  author = "Masaharu Hata",
  journal = {IEEE Trans. on Vehic. Tech},
  volume = "VT-29",
  issue = 3,
  month = aug,
  year = 1980,
  pages = {317--325}
}

@article{okumura-propagation-model,
  title = "Field Strength and its Variability in {VHF} and {UHF} Land-Mobile",
  author = "Okumura, Y. and others",
  journal = "Radio Service Rev. Elec. Comm. Lab.",
  issue = "9-10",
  pages = "825--873",
  year = 1968
}

@book{acton-analaysis-of-straight-lines,
  title = "Analysis of Straight-Line Data",
  author = "Acton, F. S.",
  publisher = "New York: Dover",
  year = 1966
}

@inproceedings{mccready-sea-cliff,
  title = "Solar radiation at radio frequencies and its relation to sunspots",
  journal = "Proc. Roy. Soc. A190",
  author = "McCready, L. L. and Pawsey, J. L. and Payne-Scott, R.",
  booktitle = "Proc. Roy. Soc. Lond. A 12",
  month = aug,
  year = 1947,
  volume = 190,
  pages = "357--375"
}

@article{hydrogen-line,
  title =  "Observation of a Line in the Galactic Radio Spectrum: Radiation from Galactic Hydrogen at 1,420 Mc./sec.",
  author = "Ewen, H. I. and Purcell, E. M.",
  journal = "Nature",
  volume = 168,
  issue = 4270,
  pages = "356",
  year = 1951,
  month = sep
}

@article{eorsantos-eor-multifrequency-analysis,
  author={Mário G. Santos and Asantha Cooray and Lloyd Knox},
  title={Multifrequency Analysis of 21 Centimeter Fluctuations from the Era of Reionization},
  journal={ApJ},
  volume={625},
  number={2},
  pages={575},
  year={2005}
}

@article{mcquinn-eor-parameter-estimation,
  author={Matthew McQuinn and Oliver Zahn and Matias Zaldarriaga and Lars Hernquist and Steven R. Furlanetto},
  title={Cosmological Parameter Estimation Using 21 cm Radiation from the Epoch of Reionization},
  journal={ApJ},
  volume={653},
  number={2},
  pages={815},
  year={2006}
}

@article{vonhoerner-radio-source-counts,
  title = "Radio Source Counts and Cosmology",
  author = "von Hoerner, S.",
  journal = "ApJ",
  volume = 186,
  pages = {741--766},
  year = 1973
}

@article{condon-cosm-evol-of-radio-sources,
  author = "Condon, J. J.",
  title = "Cosmological evolution of radio sources",
  journal = "ApJ",
  volume = 287,
  month = dec,
  year = 1984,
  pages = {461--474}
}


@article{power-law-distribution,
  author = {Clauset, Aaron and Shalizi, Cosma Rohilla and Newman, M. E. J.},
  title = {Power-Law Distributions in Empirical Data},
  publisher = {SIAM},
  year = {2009},
  journal = {SIAM Review},
  volume = {51},
  number = {4},
  pages = {661--703},
  keywords = {power-law distributions; Pareto; Zipf; maximum likelihood; heavy-tailed distributions; likelihood ratio test; model selection}
}


@article{hill-estimator,
  title = "A Simple General Approach to Inference About the Tail of a Distribution",
  author = "Hill, Bruce M.",
  journal = "Ann. Statist.",
  volume = 3,
  issue = 5,
  year = {1975},
  pages = {1163--1174}
}

@article{protein-dna-analysis,
  title = "Chance and Statistical Significance in Protein and {DNA} Sequence Analysis",
  author = "Samuel Karling and Volker Brendel",
  journal = "Science",
  volume = 257,
  issue = 5066,
  month = jul,
  year = 1992,
  pages = "39--49"
}

@inproceedings{lofar-and-hdf5,
  title = "{LOFAR and HDF5: Toward[s] a new radio data standard}",
  author = "Kenneth Anderson and Anastasia Alexov and Lars Baehren and Jean-Mathias Griessmeier and Michael Wise and Adriaan Renting",
  booktitle = "Proc. of ISKAF2010",
  year = 2010,
  month = jun,
  publisher = "PoS",
  organization = "Astron",
  location = "Assen, The Netherlands"
}

@article{lofar-system-design,
  author={de Vos, M. and Gunst, A. W. and Nijboer, R.},
  journal={Proceedings of the IEEE},
  title={The {LOFAR} Telescope: System Architecture and Signal Processing},
  year={2009},
  month= aug,
  volume={97},
  number={8},
  pages={1431--1437},
  doi={10.1109/JPROC.2009.2020509},
  ISSN={0018-9219},
}

@article{exoplanet-detection-with-rfi,
  title = "Search of exoplanetary radio signals in the presence of strong interference: enhancing sensitivity by data accumulation",
  journal = "Planetary and Space Science",
  volume = "52",
  number = "15",
  pages = "1479 - 1491",
  year = "2004",
  issn = "0032-0633",
  doi = "10.1016/j.pss.2004.09.019",
  url = "http://www.sciencedirect.com/science/article/pii/S0032063304001473",
  author = "V.B. Ryabov and P. Zarka and B.P. Ryabov",
  keywords = "Exoplanets",
  keywords = "Radio-bursts",
  keywords = "Jupiter",
  keywords = "Signal detection"
}

@inproceedings{statistics-of-mauritius-rt,
  title = "Statistics of interference at the Mauritius Radio Telescope",
  author = "V. N. Pandey and N. Udaya Shankar",
  booktitle={Proc. of XXVIIIth URSI General Assembly},
  year = 2005,
  issue = "GA05",
  location = "New Delhi, India",
  month = oct
}

@article{lofar-antenna-performance,
  title = "In Situ Antenna Performance Evaluation of the LOFAR Phased Array Radio Telescope",
  author = "Stefan J. Wijnholds and Wim A. van Cappellen",
  article = "IEEE Trans. on Antennas and Propagation",
  volume = 59,
  issue = 6,
  pages = {1981--1989},
  month = jun,
  year = 2011
}

@article{sky-noise-limited-wijnholds,
  title = "Sky Noise Limited Snapshot Imaging in the Presence of {RFI} with {LOFAR}'s Initial Test Station",
  author = "Stefan J. Wijnholds and Jaap D. Bregman and Albert-Jan Boonstra",
  journal = "Exp. Astr.",
  volume = "17",
  pages = {35--42},
  year = 2005
}

@article{dipole-array-sensitivity-cappellen,
  title = "Effective Sensitivity of A Non-uniform Phased Array of Short Dipoles",
  author = "W. A. Cappellen and J. D. Bregman and M. J. Arts",
  volume = 17,
  issue = "1--3",
  year = 2005,
  pages = {101--109},
  journal = "Exp. Astr."
}

@article{eor-paper-2011-jacobs,
  author={Daniel C. Jacobs and James E. Aguirre and Aaron R. Parsons and Jonathan C. Pober and Richard F. Bradley and Chris L.
Carilli and Nicole E. Gugliucci and Jason R. Manley and Carel van der Merwe and David F. Moore and Chaitali R. Parashare},
  title={New 145 MHz Source Measurements by PAPER in the Southern Sky},
  journal={ApJ Letters},
  volume={734},
  number={2},
  pages={L34},
  year={2011},
}

@article{eor-mwa-2012-williams,
  author={Christopher L. Williams and Jacqueline N. Hewitt and Alan M. Levine and Angelica de Oliveira-Costa and Judd D.
Bowman and others},
  otherauthors={Frank H. Briggs and B. M. Gaensler and Lars L. Hernquist and Daniel A. Mitchell and Miguel F. Morales and Shiv K.
Sethi and Ravi Subrahmanyan and Elaine M. Sadler and Wayne Arcus and David G. Barnes and Gianni Bernardi and John D.
Bunton and Roger C. Cappallo and Brian W. Crosse and Brian E. Corey and Avinash Deshpande and Ludi deSouza and David
Emrich and Robert F. Goeke and Lincoln J. Greenhill and Bryna J. Hazelton and David Herne and David L. Kaplan and Justin C.
Kasper and Barton B. Kincaid and Ronald Koenig and Eric Kratzenberg and Colin J. Lonsdale and Mervyn J. Lynch and S. Russell
McWhirter and Edward H. Morgan and Divya Oberoi and Stephen M. Ord and Joseph Pathikulangara and Thiagaraj Prabu and Ronald
A. Remillard and Alan E. E. Rogers and D. Anish Roshi and Joseph E. Salah and Robert J. Sault and N. Udaya Shankar and K. S.
Srivani and Jamie B. Stevens and Steven J. Tingay and Randall B. Wayth and Mark Waterson and Rachel L. Webster and Alan R.
Whitney and Andrew J. Williams and J. Stuart B. Wyithe},
  title={Low-frequency Imaging of Fields at High Galactic Latitude with the Murchison Widefield Array 32 Element Prototype},
  journal={ApJ},
  volume={755},
  number={1},
  pages={47},
  year={2012}
}

@article{gmrt-eor-2011-paciga,
author = {Paciga, Gregory and Chang, Tzu-Ching and Gupta, Yashwant and Nityanada, Rajaram and Odegova, Julia and Pen, Ue-Li and Peterson, Jeffrey B. and Roy, Jayanta and Sigurdson, Kris},
title = {The {GMRT Epoch of Reionization} experiment: a new upper limit on the neutral hydrogen power spectrum at z≈ 8.6},
journal = {MNRAS},
volume = {413},
number = {2},
publisher = {Blackwell Publishing Ltd},
pages = {1174--1183},
year = {2011},
}

@book{papoulis-stochastic-processes,
  author = {A. Papoulis and S. Pillai},
  title = {{Probability, Random Variables and Stochastic Processes}},
  year = 2001,
  publisher = {{McGraw-Hill}},
  edition = 4
}

@inproceedings{scheuer-analysing-faint-stars,
  author = {P. A. G. Scheuer},
  title = "A statistical method for analysing observations of faint radio stars",
  year = 1957,
  booktitle = "Math. Proc. of the Cambridge Phil. Soc.",
  series = {53},
  issue = {03},
  pages = {764--773}
}

@inproceedings{ska-cmb-subrahmanyan,
  author = {Ravi Subrahmanyan and R. D. Ekers},
  title = {{CMB} observations using the {SKA}},
  booktitle={Proc. of XXVIIth General Assembly. },
  year={2002},
  month={17--24 aug},
  pages={710},
  publisher = "URSI",
  organization = "URSI",
  address = "Maastricht, The Netherlands"
}

@article{ncp-eor-yatawatta,
  author = "S. Yatawatta and A. G. de Bruyn and M. A. Brentjens and others",
  title = "Initial deep {LOFAR} observations of epoch of reionization windows: I. The north celestial pole",
  journal = "A\&A",
  volume = "550",
  issue="A136",
  year=2013
}

@INPROCEEDINGS{lf-interference-temperature-rogers,
  author={Rogers, A. E E and Salah, J.E. and Smythe, D. L. and Pratap, P. and Carter, J.C. and Derome, M.},
  booktitle={First IEEE Int. Symp. on New Frontiers in DySPAN.},
  title={Interference temperature measurements from 70 to 1500 {MHz} in suburban and rural environments of the {Northeast}},
  year={2005},
  pages={119--123},
}

@article{lofar-overview-2013,
  title = "LOFAR: The Low-Frequency Array",
  author = {{\TUSSEN{Haarlem}{Van}{van}} Haarlem, M. P. and others},
  year = "2013",
  journal = "A\&A, in press (Arxiv 1305.3550)"
}

@article{lofar-2013,
  author = "{\TUSSEN{Haarlem}{Van}{van}} Haarlem, M. P. and {Wise, M. W.} and {Gunst, A. W.} and {Heald, G.} and {McKean, J. P.} and {Hessels, J. W. T.} and {de Bruyn, A. G.} and {Nijboer, R.} and others",
  title = {{LOFAR: The LOw-Frequency ARray}},
  DOI= "10.1051/0004-6361/201220873",
  journal = "A\&A",
  year = 2013,
  volume = 556,
  pages = "A2"
}

@article{bullington-propagation,
  title = "Radio Propagation for Vehicular Communications",
  author = "Kenneth Bullington",
  year = 1977,
  journal = "IEEE Trans. on Vehic. Tech.",
  volume = "VT-26",
  issue = 4,
  month = "nov",
  pages={295--308}
}

@article{mwa,
  title = "{The Murchison Widefield Array: the Square Kilometre Array Precursor at low radio frequencies}",
  author = "S. J. Tingay and R. Goeke and J. D. Bowman and others",
  year = 2013,
  month = jan,
  journal = "PASA",
  volume = 30,
  issue = "e007"
}

@inproceedings{widefield-imaging-ska-cornwell,
  title = "{Wide field imaging for the Square Kilometre Array}",
  author = "T. J. Cornwell and M. A. Voronkov and B. Humphreys",
  booktitle={Proc. SPIE 8500, Image Reconstruction from Incomplete Data VII},
  month=Oct,
  year={2012}
}

@article{wprojection-cornwell,
  title = "The non-coplanar baselines effect in radio interferometry: The W-Projection algorithm",
  author = "T. J. Cornwell and K. Golap and S. Bhatnagar",
  journal = "IEEE Journal of Selected Topics in Signal Processing",
  year = 2008,
  volume = 2,
  pages = {647--657}
}

@article{facetting-cornwell,
  title = "{Radio-interferometric imaging of very large fields -- The problem of non-coplanar arrays}",
  author = "T. J. Cornwell and R. A. Perley",
  year = 1992,
  journal = "A\&A",
  volume = 261,
  pages = 353
}

@inbook{perley-noncoplanar-arrays,
  title = "{Imaging with Non-Coplanar Arrays}",
  author = "R. A. Perley",
  booktitle = "ASP Conference Series",
  vol = 180,
  year = 1999,
  editor = "G. B. Taylor and C. L. Carilli and R. A. Perley",
  pages = 383
}

@article{hogbom-clean,
  title = "{Aperture Synthesis with a Non-Regular Distribution of Interferometer Baselines}",
  author = "J. A. H{\"o}gbom",
  journal = "A\&A Supp.",
  vol = 15,
  pages = 417,
  year = 1974,
  month = jun
}

@inproceedings{casa,
  author="Jaegar, S.",
  year=2008,
  booktitle="ASP Conf. Series",
  volume=394,
  conference="Astronomical Data Analysis Software and Systems XVII"
}

@article{wcs-in-fits,
  title="Representations of world coordinates in FITS",
  author="Greisen, E.W. and Calabretta, M.R.",
  year=2002,
  journal="A\&A",
  volume=395,
  pages={1061--1075}
}

@ARTICLE{rts-mwa,
  author={Mitchell, D.A. and Greenhill, L.J. and Wayth, R.B. and Sault, R.J. and Lonsdale, C.J. and Cappallo, R.J. and Morales, M.F. and Ord, S.M.},
  journal={Selected Topics in Sig. Proc., IEEE Journal of},
  title={{Real-Time Calibration of the Murchison Widefield Array}},
  year={2008},
  volume={2},
  number={5},
  pages={707--717},
  ISSN={1932-4553}
}

@article{aprojection-2008,
  author = {{Bhatnagar, S.} and {Cornwell, T. J.} and {Golap, K.} and {Uson, J. M.}},
  title = {Correcting direction-dependent gains in the deconvolution  of radio interferometric images},
  DOI= "10.1051/0004-6361:20079284",
  journal = "A\&A",
  year = 2008,
  volume = 487,
  number = 1,
  pages = "419-429",
}

@article{awimager-2013,
  author = {Tasse, C. and \TUSSEN{Tol}{Van der}{van der} Tol, S. and van Zwieten, J. and van Diepen, G. and Bhatnagar, S.},
  title = {Applying full polarization A-Projection to very wide field of view instruments: An imager for LOFAR},
  DOI= "10.1051/0004-6361/201220882",
  journal = "A\&A",
  year = 2013,
  volume = 553,
  pages = "A105"
}

@article{clark-clean,
  author = {Clark, B. G.},
  title = {"An efficient implementation of the algorithm \"CLEAN\""},
  year = 1980,
  month = May,
  journal = "A\&A",
  volume = 89,
  pages = {377--378}
}

@article{cotton-schwab-clean,
  author = {Schwab, F. R},
  title = {"Relaxing the isoplanatism assumption in self-calibration; applications to low-frequency radio interferometry"},
  year = 1984,
  month = jul,
  pages = {1076--1081},
  volume = 89,
  journal = "AJ"
}
